% PUBLISHED

@article{AAOS_2019,
  title={Nonparametric inference for immune response thresholds of risk in vaccine studies},
  author={Donovan, Kevin and Hudgens, Michael and Gilbert, Peter},
  journal={The Annals of Applied Statistics},
  type={Published},
  keywords={Published},
  volume={13},
  number={2},
  pages={1147--1165},
  year={2019},
  publisher={Institute of Mathematical Statistics}
}

@article{JIVR_2019,
author = {du Pisanie, Johannes and Abumoussa, Andrew and Donovan, Kevin and Stewart, Jessica and Bagla, Sandeep and Isaacson, Ari},
year = {2019},
pages = {233-240},
title = {Predictors of Prostatic Artery Embolization Technical Outcomes: Patient and Procedural Factors},
volume = {30},
journal = {Journal of Vascular and Interventional Radiology},
type={Published},
keywords={Published},
doi = {10.1016/j.jvir.2018.09.014}
}

@article{AIDS_2019,
  title={Higher soluble {CD14} levels are associated with lower visuospatial memory performance in youth with {HIV}},
  author={Kim-Chang, Julie J. and Donovan, Kevin and Loop, Matthew S. and Hong, Suzi and Fischer, Bernard and Venturi, Guglielmo and Garvie, Patricia A and Kohn, Jordan and Rendina, H. Jonathon and Woods, Steven P. and others},
  journal={AIDS},
  type={Published},
  keywords={Published},
  volume={33},
  number={15},
  pages={2363--2374},
  year={2019},
  publisher={LWW}
}

@article{AR_2019_Swanson,
  title={Early language exposure supports later language skills in infants with and without autism},
  author={Swanson, Meghan R. and Donovan, Kevin and Paterson, Sarah and Wolff, Jason J. and Parish-Morris, Julia and Meera, Shoba S. and Watson, Linda R. and Estes, Annette M. and Marrus, Natasha and Elison, Jed T. and others},
  journal={Autism Research},
  type={Published},
  keywords={Published},
  volume={12},
  number={12},
  pages={1784--1795},
  year={2019},
  publisher={Wiley Online Library}
}

@article{JADD_2020,
  title={Sensory Reactivity at 1 and 2 Years Old is Associated with {ASD} Severity During the Preschool Years},
  author={Grzadzinski, Rebecca and Donovan, Kevin and Truong, Kinh and Nowell, Sallie and Lee, Helen and Sideris, John and Turner-Brown, Lauren and Baranek, Grace T. and Watson, Linda R.},
  type={Published},
  keywords={Published},
  journal={Journal of Autism and Developmental Disorders},
  pages={1--10},
  year={2020},
  publisher={Springer}
}

@article{JAACAP_2020,
author = {Meera, Shoba S. and Donovan, Kevin and Wolf, Jason and Zwaigenbaum, Lonnie and Elison, Jed and Truong, Kinh and Pivon, Joseph},
type = {Published},
keywords={Published},
year = {2020},
title = {Towards a Data Driven Approach to Screen for Autism Risk at 12 Months of Age},
journal= {Journal of the American Academy of Child and Adolescent Psychiatry}
}

@article{NatureNeuro_2021,
title={Infant visual brain development and inherited genetic liability in autism},
  author={Girault, Jessica B and Donovan, Kevin and Hawks, Zo{\"e} and Talovic, Muhamed and Forsen, Elizabeth and Elison, Jed T and Shen, Mark D and Swanson, Meghan R and Wolff, Jason J and Kim, Sun Hyung and others},
  keywords={Published},
  journal={American Journal of Psychiatry},
  volume={179},
  number={8},
  pages={573--585},
  year={2022},
  publisher={Am Psychiatric Assoc}
}

@article{burrows2022data,
  title={A data-driven approach in an unbiased sample reveals equivalent sex ratio of autism spectrum disorder--associated impairment in early childhood},
  author={Burrows, Catherine A and Grzadzinski, Rebecca L and Donovan, Kevin and Stallworthy, Isabella C and Rutsohn, Joshua and John, Tanya St and Marrus, Natasha and Parish-Morris, Julia and MacIntyre, Leigh and Hampton, Jacqueline and others},
  keywords={Published},
  journal={Biological Psychiatry},
  volume={92},
  number={8},
  pages={654--662},
  year={2022},
  publisher={Elsevier}
}

@article{grzadzinski2022examining,
  title={Examining Treatment Outcomes Across Contexts: How Do Child Baseline Characteristics Impact Measurement of Treatment Response?},
  author={Grzadzinski, Rebecca and Jatkar, Alapika and Donovan, Kevin and Truong, Kinh and Holbrook, Alison and Lord, Catherine and Kim, So Hyun},
  keywords={Published},
  journal={Journal of Autism and Developmental Disorders},
  pages={1--11},
  year={2022},
  publisher={Springer}
}

@article{shapira2023three,
  title={Three-dimensional printing of patient-specific computed tomography lung phantoms: a reader study},
  author={Shapira, Nadav and Donovan, Kevin and Mei, Kai and Geagan, Michael and Roshkovan, Leonid and Gang, Grace J and Abed, Mohammed and Linna, Nathaniel B and Cranston, Coulter P and O'Leary, Cathal N and others},
  keywords={Published},
  journal={PNAS Nexus},
  volume={2},
  number={3},
  year={2023},
  publisher={Oxford University Press US}
}

% In Progress

@article{donovan2023multivariate,
  title={Multivariate Residualization in Medical Imaging Analysis},
  author={Donovan, Kevin and Tustison, Nicholas J and Linn, Kristin A and Shinohara, Russell T},
  keywords={In Progress},
  journal={bioRxiv},
  pages={2023--02},
  year={2023},
  publisher={Cold Spring Harbor Laboratory},
}

@article{donovan2023hyperfine,
title={Automated Detection of Longitudinal Lesion Activity using Low-Field Imaging in Multiple Sclerosis},
  author={Donovan, Kevin and Arnold, Thomas Campbell and Manning, Abby R. and Chen, Luyun and Clark, A. Kelly and Schindler, Matthew K. and Shinohara, Russell T. and Sweeney, Elizabeth M.},
  keywords={In Progress},
  year={2023}
}

@article{covidneuro2023,
title={A Characterization of Neurology Consults for Inpatients with SARS-CoV-2 Infection as Compared to Other Respiratory Viruses},
  author={Emmert, Brian and Gandelman, Stephanie and Do, David and Donovan, Kevin and Schindler, Matthew},
  keywords={In Progress},
  year={2023},
}