@proceedings{jsm_lodr_2020,
note = {Contributed Session. Joint Statistical Meeting 2020. Philadelphia, PA.},
year = {2020},
title = {Statistical Methods for Adolescent HIV Trials}
}

@proceedings{jsm_resid_2022,
note = {Contributed Session. Joint Statistical Meeting 2022. Washington, D.C.},
year = {2022},
title = {Multivariate Residualization in Medical Imaging Analysis}
}